%% This BibTeX bibliography file was created using BibDesk.
%% http://bibdesk.sourceforge.net/


%% Created for Ruizhi Deng at 2015-03-01 21:13:06 -0500 


%% Saved with string encoding Unicode (UTF-8) 



@electronic{1,
	Author = {Gerald Teschl},
	Date-Added = {2015-03-02 01:39:46 +0000},
	Date-Modified = {2015-03-02 02:13:03 +0000},
	Keywords = {Floquet's Theorem},
	Publisher = {American Mathematical Society},
	Title = {Ordinary Differential Equations and Dynamical Systems},
	Bdsk-File-1 = {YnBsaXN0MDDUAQIDBAUGJCVYJHZlcnNpb25YJG9iamVjdHNZJGFyY2hpdmVyVCR0b3ASAAGGoKgHCBMUFRYaIVUkbnVsbNMJCgsMDxJXTlMua2V5c1pOUy5vYmplY3RzViRjbGFzc6INDoACgAOiEBGABIAFgAdccmVsYXRpdmVQYXRoWWFsaWFzRGF0YV8QGi4uLy4uLy4uL0Rvd25sb2Fkcy9vZGUucGRm0hcLGBlXTlMuZGF0YU8RAWoAAAAAAWoAAgAADE1hY2ludG9zaCBIRAAAAAAAAAAAAAAAAAAAAM1k0ppIKwAAAAXD+QdvZGUucGRmAAAAAAAAAAAAAAAAAAAAAAAAAAAAAAAAAAAAAAAAAAAAAAAAAAAAAAAAAAAAAAAAAAAAAAAAAAAB+GIO0RPLIwAAAAAAAAAAAAMAAgAACSAAAAAAAAAAAAAAAAAAAAAJRG93bmxvYWRzAAAQAAgAAM1lCtoAAAARAAgAANEUEXMAAAABAAwABcP5AAXD9gACEOkAAgAyTWFjaW50b3NoIEhEOlVzZXJzOgB3aXNkb25kZW5nOgBEb3dubG9hZHM6AG9kZS5wZGYADgAQAAcAbwBkAGUALgBwAGQAZgAPABoADABNAGEAYwBpAG4AdABvAHMAaAAgAEgARAASACJVc2Vycy93aXNkb25kZW5nL0Rvd25sb2Fkcy9vZGUucGRmABMAAS8AABUAAgAR//8AAIAG0hscHR5aJGNsYXNzbmFtZVgkY2xhc3Nlc11OU011dGFibGVEYXRhox0fIFZOU0RhdGFYTlNPYmplY3TSGxwiI1xOU0RpY3Rpb25hcnmiIiBfEA9OU0tleWVkQXJjaGl2ZXLRJidUcm9vdIABAAgAEQAaACMALQAyADcAQABGAE0AVQBgAGcAagBsAG4AcQBzAHUAdwCEAI4AqwCwALgCJgIoAi0COAJBAk8CUwJaAmMCaAJ1AngCigKNApIAAAAAAAACAQAAAAAAAAAoAAAAAAAAAAAAAAAAAAAClA==}}
